<record xmlns:xsi="http://www.w3.org/2001/XMLSchema-instance" xmlns="http://www.loc.gov/MARC21/slim" xsi:schemaLocation="http://www.loc.gov/MARC21/slim http://www.loc.gov/standards/marcxml/schema/MARC21slim.xsd">

  <leader>00621nam a2200193Ia 4500</leader>
  <datafield ind1=" " tag="999" ind2=" ">
    <subfield code="c">1156</subfield>
    <subfield code="d">1156</subfield>
  </datafield>
  <controlfield tag="008">170320b1983    cr ||||| |||| 00| | spa d</controlfield>
  <datafield ind2=" " tag="090" ind1=" ">
    <subfield code="a">262.82 </subfield>
    <subfield code="b">R436h</subfield>
  </datafield>
  <datafield ind2=" " tag="100" ind1="1">
    <subfield code="a">Restrepo, Luis Alberto</subfield>
    <subfield code="9">211</subfield>
  </datafield>
  <datafield ind1="1" ind2="0" tag="245">
    <subfield code="a">Hacia una socialización auténtica? : Manual para el estudio de la encíclica Laborem Exercens</subfield>
  </datafield>
  <datafield ind1=" " ind2=" " tag="260">
    <subfield code="a">Bogotá, Colombia : </subfield>
    <subfield code="b">INDO-AMERICAN PRESS SERVICE, </subfield>
    <subfield code="c">1983</subfield>
  </datafield>
  <datafield ind2=" " tag="300" ind1=" ">
    <subfield code="a">95 páginas</subfield>
  </datafield>
  <datafield ind1="1" tag="650" ind2="4">
    <subfield code="a">SOCIALIZACION </subfield>
    <subfield code="9">1103</subfield>
  </datafield>
  <datafield ind1="1" tag="650" ind2="4">
    <subfield code="a">MANUALES </subfield>
    <subfield code="9">426</subfield>
  </datafield>
  <datafield tag="650" ind2="4" ind1="1">
    <subfield code="a">TRABAJADORES</subfield>
    <subfield code="9">933</subfield>
  </datafield>
  <datafield ind1="1" tag="650" ind2="4">
    <subfield code="9">2195</subfield>
    <subfield code="a">SINDICALISMO</subfield>
  </datafield>
  <datafield ind1="1" tag="650" ind2="4">
    <subfield code="a">IGLESIA </subfield>
    <subfield code="9">471</subfield>
  </datafield>
  <datafield tag="650" ind2="4" ind1="1">
    <subfield code="9">229</subfield>
    <subfield code="a">CLASES SOCIALES</subfield>
  </datafield>
  <datafield ind2=" " tag="942" ind1=" ">
    <subfield code="2">z</subfield>
    <subfield code="c">01</subfield>
  </datafield>
</record>